<?xml version="1.0" encoding="UTF-8" ?>
<record Numero="13919444" format="InterXMarc_Complet" type="Authority">
<leader>00938c0 au22000272  45  <Pos Code="0004">00938</Pos>
<Pos Code="05" Sens="notice modifiée">c</Pos>
<Pos Code="06" Sens="notice validée par les services d&apos;autorité">0</Pos>
<Pos Code="08" Sens="notice d&apos;autorité">a</Pos>
<Pos Code="09" Sens="titre uniforme musical (TUM)">u</Pos>
<Pos Code="10">2</Pos>
<Pos Code="11">2</Pos>
<Pos Code="1216">00027</Pos>
<Pos Code="17" Sens="autres cas">2</Pos>
<Pos Code="20">4</Pos>
<Pos Code="21">5</Pos>
</leader>
<controlfield tag="001">FRBNF139194442<Pos Code="0001">FR</Pos>
<Pos Code="0204">BNF</Pos>
<Pos Code="0512">13919444</Pos>
<Pos Code="13">2</Pos>
</controlfield>
<controlfield tag="008">890821120315yy    co        1959                             1   <Pos Code="0001">89</Pos>
<Pos Code="0203">08</Pos>
<Pos Code="0405">21</Pos>
<Pos Code="0607">12</Pos>
<Pos Code="0809">03</Pos>
<Pos Code="1011">15</Pos>
<Pos Code="1213" Sens="ne s&apos;applique pas">yy</Pos>
<Pos Code="1820">co </Pos>
<Pos Code="2831">1959</Pos>
<Pos Code="61" Sens="La vedette peut être liée à une notice bibliographique sauf pour l&apos;accès matière RAMEAU">1</Pos>
</controlfield>
<datafield tag="048" ind1=" " ind2=" ">
	<subfield code="b">sc01<Pos Code="0001" Sens="cordes frottées - violoncelle">sc</Pos>
<Pos Code="02">0</Pos>
<Pos Code="03">1</Pos>
</subfield>
	<subfield code="a">oa01<Pos Code="0001" Sens="orchestre - orchestre symphonique XIXe-XXe s.">oa</Pos>
<Pos Code="02">0</Pos>
<Pos Code="03">1</Pos>
</subfield>
</datafield>
<datafield tag="100" ind1=" " ind2=" ">
	<subfield code="3">13892473</subfield>
	<subfield code="w">.0..ba....</subfield>
	<subfield code="a">Šostakovič</subfield>
	<subfield code="m">Dmitrij Dmitrievič</subfield>
	<subfield code="d">1906-1975</subfield>
</datafield>
<datafield tag="144" ind1="1" ind2=" ">
	<subfield code="w">....b.fre.</subfield>
	<subfield code="a">Concertos</subfield>
	<subfield code="b">Violoncelle, orchestre</subfield>
	<subfield code="n">No 1</subfield>
	<subfield code="p">Op. 107</subfield>
	<subfield code="t">Mi bémol majeur</subfield>
</datafield>
<datafield tag="301" ind1=" " ind2=" ">
	<subfield code="3">16582147</subfield>
	<subfield code="a">Šostakovič</subfield>
	<subfield code="m">Dmitrij Dmitrievič</subfield>
	<subfield code="d">1906-1975</subfield>
	<subfield code="t">[Concertos. Violoncelle, orchestre. No 1. Op. 107. Mi bémol majeur (Réduction pour violoncelle et piano)]</subfield>
</datafield>
<datafield tag="600" ind1=" " ind2=" ">
	<subfield code="a">Dédicace à Mstislav Rostropovič</subfield>
	<subfield code="a">Date de composition : 1er mai-20 juillet 1959</subfield>
	<subfield code="a">1re exécution : Leningrad, grande salle de la Philharmonie, 21 septembre 1959, par M. Rostropovič et l&apos;Orchestre philharmonique de Leningrad, sous la direction de Evgenij Mravinskij</subfield>
</datafield>
<datafield tag="610" ind1=" " ind2=" ">
	<subfield code="a">Koncert n° 1 dlâ violončeli s orkestrom soč. 107 [Musique imprimée] / Dmitrij Šostakovič ; obŝaâ redakciâ Manašira Âkubova, 2011</subfield>
</datafield>
<datafield tag="917" ind1=" " ind2=" ">
	<subfield code="o">OPC</subfield>
	<subfield code="a">100493750</subfield>
</datafield>
<Alter Ori="13892473">
<datafield tag="100" ind1=" " ind2=" ">
	<subfield code="w">.0..c.....</subfield>
	<subfield code="a">Шостакович</subfield>
	<subfield code="m">Дмитрий Дмитриевич</subfield>
	<subfield code="d">1906-1975</subfield>
</datafield>
<datafield tag="400" ind1=" " ind2=" ">
	<subfield code="w">....bx....</subfield>
	<subfield code="a">Chostakovitch</subfield>
	<subfield code="m">Dmitri Dmitrievitch</subfield>
	<subfield code="d">1906-1975</subfield>
</datafield>
<datafield tag="400" ind1=" " ind2=" ">
	<subfield code="w">....b.....</subfield>
	<subfield code="a">Chostakovitch</subfield>
	<subfield code="m">Dimitri</subfield>
	<subfield code="d">1906-1975</subfield>
</datafield>
<datafield tag="400" ind1=" " ind2=" ">
	<subfield code="w">....b.eng.</subfield>
	<subfield code="a">Shostakovich</subfield>
	<subfield code="m">Dmitri</subfield>
	<subfield code="d">1906-1975</subfield>
</datafield>
<datafield tag="400" ind1=" " ind2=" ">
	<subfield code="w">....b.ger.</subfield>
	<subfield code="a">Schostakowitsch</subfield>
	<subfield code="m">Dmitri</subfield>
	<subfield code="d">1906-1975</subfield>
</datafield>
<datafield tag="400" ind1=" " ind2=" ">
	<subfield code="w">....b.eng.</subfield>
	<subfield code="a">Shostakovich</subfield>
	<subfield code="m">Dmitry Dmitriyevich</subfield>
	<subfield code="d">1906-1975</subfield>
</datafield>
</Alter>
<Attr Nom="IDPerenne">ark:/12148/cb139194447</Attr>
<Attr Nom="NumSource">OPC 100493750</Attr>
<Attr Nom="Source" Sens="BnF catalogue général (depuis 1999)">A</Attr>
<Attr Nom="NumAutoriteLiee">13892473</Attr>
<Attr Nom="DateCreation">21/08/ 1989</Attr>
<Attr Nom="ResponsableCreation">MIGV2</Attr>
<Attr Nom="StructCreation">1</Attr>
<Attr Nom="DateDerniereValidation">15/03/ 2012</Attr>
<Attr Nom="ResponsableDerniereValidation">GOY FRANCOIS</Attr>
<Attr Nom="StructPremiereValidation">1</Attr>
<Attr Nom="DatePremiereValidation">21/08/ 1989</Attr>
<Attr Nom="ResponsablePremiereValidation">MIGV2</Attr>
<Attr Nom="StructDerniereValidation">37</Attr>
</record>
